
@article{koohbor2016dynamic,
  title={Investigation of the dynamic stress--strain response of compressible polymeric foam using a non-parametric analysis},
  author={Koohbor, Behrad and Kidane, Addis and Lu, Wei-Yang and Sutton, Michael A.},
  journal={International Journal of Impact Engineering},
  volume={91},
  pages={170--182},
  year={2016},
  doi={10.1016/j.ijimpeng.2016.01.007}
}

@article{tomin2021polymer,
  title={Polymer foams as advanced energy absorbing materials for sports applicationsâ€”A review},
  author={Tomin, M{\'a}rton and Kmetty, {\'A}kos},
  journal={Journal of Applied Polymer Science},
  volume={139},
  number={10},
  pages={51714},
  year={2021},
  doi={10.1002/app.51714}
}

@article{liu2014impact,
  title={Impact testing of polymeric foam using Hopkinson bars and digital image analysis},
  author={Liu, Jiagui and Saletti, Dominique and Pattofatto, St{\'e}phane and Zhao, Han},
  journal={Polymer Testing},
  volume={36},
  pages={101--109},
  year={2014},
  doi={10.1016/j.polymertesting.2014.03.014}
}

@article{chen2023eva,
  title={Mechanical Behavior of Closed-Cell Ethylene-Vinyl Acetate Foam under Compression},
  author={Chen, Hongjuan and Sun, Deqiang and Gao, Lulu and Liu, Xiaochen and Zhang, Meilin},
  journal={Polymers},
  volume={16},
  number={1},
  pages={34},
  year={2023},
  doi={10.3390/polym16010034},
  pmid={38201699},
  pmcid={PMC10780418}
}

@article{xiao2025running,
  title={Trends and hotspots in running shoe research: a bibliometric study from 2005 to 2024},
  author={Xiao, Xiaoge and Lian, Ao and Li, Zhiyu and Fan, Yifang},
  journal={Frontiers in Sports and Active Living},
  volume={7},
  pages={1609141},
  year={2025},
  doi={10.3389/fspor.2025.1609141},
  pmid={41001685},
  pmcid={PMC12457306}
}

@incollection{desouza2023polymeric,
  title={Introduction to Polymeric Foams},
  author={de Souza, Felipe M. and Desai, Yash and Gupta, Ram K.},
  booktitle={Polymeric Foams: Fundamentals and Types of Foams},
  series={ACS Symposium Series},
  volume={1439},
  pages={1--23},
  publisher={American Chemical Society},
  year={2023},
  doi={10.1021/bk-2023-1439.ch001}
}

@article{fazekas2018hyper,
  title={Determination of the hyper-viscoelastic model parameters of open-cell polymer foams and rubber-like materials with high accuracy},
  author={Fazekas, Balint and Goda, Tibor J.},
  journal={Materials \& Design},
  volume={156},
  pages={596--608},
  year={2018},
  doi={10.1016/j.matdes.2018.07.010}
}

@article{nazari2022adaptive,
  title={Developing an adaptive FE model to reflect the effective mechanical properties in porous elastomeric materials},
  author={Nazari, Ali Reza and Khanzadeh-Moradllo, Mehdi},
  journal={Journal of Cellular Plastics},
  volume={59},
  number={1},
  pages={47--69},
  year={2022},
  doi={10.1177/0021955X221147830}
}

@article{lunchev2022eva,
  title={Mechanical characteristics of poly(ethylene vinyl acetate) foams with graphene for the applications in sport footwear},
  author={Lunchev, Andrey V. and Kashcheev, Aleksandr and Tok, Alfred Ling Yoong and Lipik, Vitali},
  journal={Polymer Testing},
  volume={113},
  pages={107688},
  year={2022},
  doi={10.1016/j.polymertesting.2022.107688}
}

@article{sun2020footwear,
  title={Systematic review of the role of footwear constructions in running biomechanics: Implications for running-related injury and performance},
  author={Sun, Xiaole and Lam, Wing-Kai and Zhang, Xini and Wang, Junqing and Fu, Weijie},
  journal={Journal of Sports Science and Medicine},
  volume={19},
  number={1},
  pages={20--37},
  year={2020},
  pmid={32132824},
  pmcid={PMC7039038}
}

@article{li2019eva,
  title={Finite element modeling of EVA foam for footwear applications},
  author={Li, Z. and Chen, X. and Wang, H.},
  journal={Materials \& Design},
  volume={162},
  pages={1--11},
  year={2019},
  doi={10.1016/j.matdes.2018.11.048}
}

